%% This BibTeX bibliography file was created using BibDesk.
%% http://bibdesk.sourceforge.net/



%% Created for David Balduzzi at 2016-05-21 04:11:30 +1200 
@article{cesa2006regret,
  title={Regret minimization under partial monitoring},
  author={Cesa-Bianchi, Nicolo and Lugosi, G{\'a}bor and Stoltz, Gilles},
  journal={Mathematics of Operations Research},
  volume={31},
  number={3},
  pages={562--580},
  year={2006},
  publisher={INFORMS}
}

%% Saved with string encoding Unicode (UTF-8) 
@article{robbins1952some,
  title={Some aspects of the sequential design of experiments},
  author={Robbins, Herbert},
  journal={Bulletin of the American Mathematical Society},
  volume={58},
  number={5},
  pages={527--535},
  year={1952}
}

@article{della2016compliance,
  title={Compliance-Aware Bandits},
  author={Della Penna, Nicol{\'a}s and Reid, Mark D and Balduzzi, David},
  journal={arXiv preprint arXiv:1602.02852},
  year={2016}
}

@article{Mnih:2015wq,
	Author = {Mnih, Volodymyr and Kavukcuoglu, Koray and \emph{et al}},
	Date = {2015/02/26/print},
	Date-Added = {2016-02-05 19:31:16 +0000},
	Date-Modified = {2016-05-20 16:11:02 +0000},
	Day = {26},
	Isbn = {0028-0836},
	Journal = {Nature},
	M3 = {Letter},
	Month = {02},
	Number = {7540},
	Pages = {529--533},
	Publisher = {Nature Publishing Group, a division of Macmillan Publishers Limited. All Rights Reserved.},
	Title = {Human-level control through deep reinforcement learning},
	Ty = {JOUR},
	Volume = {518},
	Year = {2015},
	Bdsk-Url-1 = {http://dx.doi.org/10.1038/nature14236}}

@article{kenna:04,
	Author = {Kenna, Leslie A and Sheiner, Lewis B},
	Journal = {Statistics in medicine},
	Number = {23},
	Pages = {3561--3580},
	Publisher = {Wiley Online Library},
	Title = {Estimating treatment effect in the presence of non-compliance measured with error: precision and robustness of data analysis methods},
	Volume = {23},
	Year = {2004}}

@article{hugtenburg:13,
	Author = {Hugtenburg, Jacqueline G and Timmers, Lonneke and Elders, PJ and Vervloet, Marcia and van Dijk, Liset},
	Journal = {Patient Prefer Adherence},
	Pages = {675--682},
	Title = {Definitions, variants, and causes of nonadherence with medication: a challenge for tailored interventions},
	Volume = {7},
	Year = {2013}}

@article{vrijens:12,
	Author = {Vrijens, Bernard and De Geest, Sabina and Hughes, Dyfrig A and Przemyslaw, Kardas and Demonceau, Jenny and Ruppar, Todd and Dobbels, Fabienne and Fargher, Emily and Morrison, Valerie and Lewek, Pawel and others},
	Journal = {British journal of clinical pharmacology},
	Number = {5},
	Pages = {691--705},
	Publisher = {Wiley Online Library},
	Title = {A new taxonomy for describing and defining adherence to medications},
	Volume = {73},
	Year = {2012}}

@book{sabate:03,
	Author = {Sabat{\'e}, Eduardo},
	Publisher = {World Health Organization},
	Title = {Adherence to long-term therapies: evidence for action},
	Year = {2003}}

@article{lai:79,
	Author = {T L Lai and H Robbins},
	Date-Added = {2016-02-04 21:16:52 +0000},
	Date-Modified = {2016-02-04 21:16:52 +0000},
	Journal = {Annals of Statistics},
	Number = {6},
	Pages = {1196-1221},
	Title = {{Adaptive design and stochastic approximation}},
	Volume = {7},
	Year = {1979}}

@article{ebrahim:14,
	Author = {Ebrahim, Shanil and Sohani, Zahra N and Montoya, Luis and Agarwal, Arnav and Thorlund, Kristian and Mills, Edward J and Ioannidis, John PA},
	Journal = {Jama},
	Number = {10},
	Pages = {1024--1032},
	Publisher = {American Medical Association},
	Title = {Reanalyses of randomized clinical trial data},
	Volume = {312},
	Year = {2014}}

@article{ist:11,
	Author = {Sandercock, Peter AG and Niewada, Maciej and Cz{\l}onkowska, Anna and others},
	Journal = {Trials},
	Number = {1},
	Pages = {1--7},
	Publisher = {Springer},
	Title = {The international stroke trial database},
	Volume = {12},
	Year = {2011}}

@article{ist:97,
	Author = {Group, International Stroke Trial Collaborative},
	Journal = {The Lancet},
	Number = {9065},
	Pages = {1569--1581},
	Publisher = {Elsevier},
	Title = {The International Stroke Trial (IST): a randomised trial of aspirin, subcutaneous heparin, both, or neither among 19 435 patients with acute ischaemic stroke},
	Volume = {349},
	Year = {1997}}

@inproceedings{perchet:15,
	Author = {Perchet, Vianney and Rigollet, Philippe and Chassang, Sylvain and Snowberg, Erik},
	Booktitle = {Proceedings of The 28th Conference on Learning Theory},
	Pages = {1456--1456},
	Title = {Batched Bandit Problems},
	Year = {2015}}

@article{kuleshov:14,
	Author = {Kuleshov, Volodymyr and Precup, Doina},
	Journal = {arXiv preprint arXiv:1402.6028},
	Title = {Algorithms for multi-armed bandit problems},
	Year = {2014}}

@article{yao:96,
	Author = {Yao, Q and Wei, LJ},
	Journal = {Statistics in medicine},
	Number = {22},
	Pages = {2413--2423},
	Publisher = {Wiley Online Library},
	Title = {Play the winner for phase II/III clinical trials},
	Volume = {15},
	Year = {1996}}

@book{berry:10,
	Author = {Berry, Scott M and Carlin, Bradley P and Lee, J Jack and Muller, Peter},
	Publisher = {CRC press},
	Title = {Bayesian adaptive methods for clinical trials},
	Year = {2010}}

@article{shrier:13,
	Author = {Shrier, Ian and Steele, Russell J and Verhagen, Evert and Herbert, Rob and Riddell, Corinne A and Kaufman, Jay S},
	Journal = {Clinical Trials},
	Pages = {1740774513504151},
	Publisher = {SAGE Publications},
	Title = {Beyond intention to treat: What is the right question?},
	Year = {2013}}

@article{ortega:10,
	Author = {Pedro A Ortega and Daniel A Braun},
	Date-Added = {2016-02-01 03:39:15 +0000},
	Date-Modified = {2016-02-01 03:39:15 +0000},
	Journal = {Journal of Artificial Intelligence Research},
	Number = {1},
	Pages = {475-511},
	Title = {{A minimum relative entropy principle for learning and acting}},
	Volume = {38},
	Year = {2010}}

@article{thompson:33,
	Author = {Thompson, William R},
	Journal = {Biometrika},
	Number = {3/4},
	Pages = {285--294},
	Publisher = {JSTOR},
	Title = {On the likelihood that one unknown probability exceeds another in view of the evidence of two samples},
	Volume = {25},
	Year = {1933}}

@article{bubeck:12,
	Author = {Bubeck, S{\'e}bastien},
	Journal = {Foundations and Trends in Machine Learning},
	Number = {1},
	Pages = {1--122},
	Publisher = {Now Publishers Inc},
	Title = {Regret Analysis of Stochastic and Nonstochastic Multi-armed Bandit Problems},
	Volume = {5},
	Year = {2012}}

@inproceedings{chapelle:11,
	Author = {Olivier Chapelle and Lihong Li},
	Booktitle = {Adv in Neural Information Processing Systems (NIPS)},
	Date-Added = {2016-01-31 22:52:47 +0000},
	Date-Modified = {2016-01-31 22:52:47 +0000},
	Title = {{An Empirical Evaluation of Thompson Sampling}},
	Year = {2011}}

@book{koller:09,
	Author = {Daphne Koller and Nir Friedman},
	Date-Added = {2016-01-31 01:15:27 +0000},
	Date-Modified = {2016-01-31 01:15:27 +0000},
	Publisher = {MIT Press},
	Title = {{Probabilistic Graphical Models: Principles and Techniques}},
	Year = {2009}}

@inproceedings{bareinboim:15,
	Author = {Elias Bareinboim and Andrew Forney and Judea Pearl},
	Booktitle = {Adv in Neural Information Processing Systems (NIPS)},
	Date-Added = {2016-01-30 23:56:19 +0000},
	Date-Modified = {2016-01-30 23:56:19 +0000},
	Title = {{Bandits with Unobserved Confounders: A Causal Approach}},
	Year = {2015}}

@inproceedings{graepel:10,
	Author = {T Graepel and J Quionero-Candela and T Borchert and R Herbrich},
	Booktitle = {ICML},
	Date-Added = {2016-01-30 23:25:36 +0000},
	Date-Modified = {2016-01-30 23:27:10 +0000},
	Title = {{Web-scale Bayesian click-through rate prediction for sponsored search and advertising in Microsoft's Bing engine}},
	Year = {2010}}

@inproceedings{mcmahan:13,
	Acmid = {2488200},
	Address = {New York, NY, USA},
	Author = {McMahan, H. Brendan and Holt, Gary and Sculley, D. and \emph{et al}},
	Booktitle = {Proceedings of the 19th ACM SIGKDD International Conference on Knowledge Discovery and Data Mining},
	Date-Added = {2016-01-30 23:24:00 +0000},
	Date-Modified = {2016-05-20 16:11:30 +0000},
	Title = {Ad Click Prediction: A View from the Trenches},
	Year = {2013},
	Bdsk-Url-1 = {http://doi.acm.org/10.1145/2487575.2488200},
	Bdsk-Url-2 = {http://dx.doi.org/10.1145/2487575.2488200}}

@article{lai:85,
	Author = {T L Lai and H Robbins},
	Date-Added = {2016-01-30 23:19:08 +0000},
	Date-Modified = {2016-01-30 23:19:08 +0000},
	Journal = {Advances in Applied Mathematics},
	Pages = {4-22},
	Title = {Asymptotically efficient adaptive allocation rules},
	Volume = {6},
	Year = {1985}}

@inproceedings{agrawal:12,
	Author = {S Agrawal and N Goyal},
	Booktitle = {Computational Learning Theory (COLT)},
	Date-Added = {2016-01-30 20:51:59 +0000},
	Date-Modified = {2016-01-30 20:52:30 +0000},
	Title = {{Analysis of Thompson sampling for the multi-armed bandit problem}},
	Year = {2012}}

@inproceedings{kaufmann:12,
	Author = {E Kaufmann and N Korda and R Munos},
	Booktitle = {ALT},
	Date-Added = {2016-01-30 19:53:55 +0000},
	Date-Modified = {2016-01-30 19:54:45 +0000},
	Title = {{Thompson sampling: An asymptotically optimal finite-time analysis}},
	Year = {2012}}

@inproceedings{chang:05,
	Author = {Yu-Han Chang and Leslie Pack Kaelbling},
	Booktitle = {ICML},
	Date-Added = {2016-01-30 07:31:49 +0000},
	Date-Modified = {2016-01-30 07:32:28 +0000},
	Title = {{Hedged learning: Regret-minimization with learning experts}},
	Year = {2005}}

@inproceedings{bubeck:12a,
	Author = {S\'ebastien Bubeck and Aleksandrs Slivkins},
	Booktitle = {Computational Learning Theory (COLT)},
	Date-Added = {2016-01-30 00:43:13 +0000},
	Date-Modified = {2016-01-30 00:43:13 +0000},
	Title = {The best of both worlds: stochastic and adversarial bandits},
	Year = {2012}}

@inproceedings{seldin:14,
	Author = {Yevgeny Seldin and Aleksandrs Slivkins},
	Booktitle = {ICML},
	Date-Added = {2016-01-30 00:41:18 +0000},
	Date-Modified = {2016-01-30 00:41:18 +0000},
	Title = {{One Practical Algorithm for Both Stochastic and Adversarial Bandits}},
	Year = {2014}}

@inproceedings{alon:15,
	Author = {Noga Alon and Nicol\'o Cesa-Bianchi and Ofer Dekel and Tomer Koren},
	Booktitle = {Computational Learning Theory (COLT)},
	Date-Added = {2016-01-30 00:38:53 +0000},
	Date-Modified = {2016-01-30 00:38:53 +0000},
	Title = {{Online Learning with Feedback Graphs: Beyond Bandits}},
	Year = {2015}}

@article{robbins:52,
	Author = {H Robbins},
	Date-Added = {2016-01-29 21:09:31 +0000},
	Date-Modified = {2016-01-29 21:09:31 +0000},
	Journal = {Bull. AMS},
	Pages = {527-535},
	Title = {Some aspects of the sequential design of experiments},
	Volume = {58},
	Year = {1952}}


@article{bubeck:12,
	Author = {S\'ebastien Bubeck and Nicol\'o Cesa-Bianchi},
	Date-Added = {2016-01-29 21:08:49 +0000},
	Date-Modified = {2016-01-29 21:08:49 +0000},
	Journal = {Foundations and Trends in Machine Learning},
	Number = {1},
	Pages = {1-122},
	Title = {Regret {A}nalysis of {S}tochastic and {N}onstochastic {M}ulti-armed {B}andit {P}roblems},
	Volume = {5},
	Year = {2012}}

@article{dudik:14,
	Author = {Miroslav Dud{\'\i}k and Dumitru Erhan and John Langford and Lihong Li},
	Date-Added = {2016-01-29 21:08:41 +0000},
	Date-Modified = {2016-01-29 21:08:41 +0000},
	Journal = {Statistical Science},
	Number = {4},
	Pages = {485-511},
	Title = {{Doubly Robust Policy Evaluation and Optimization}},
	Volume = {29},
	Year = {2014}}

@article{cesa:06a,
	Author = {Nicol\'o Cesa-Bianchi and Gabor Lugosi and Gilles Stoltz},
	Date-Added = {2016-01-29 21:08:24 +0000},
	Date-Modified = {2016-01-29 21:08:24 +0000},
	Journal = {Mathematics of Operations Research},
	Number = {3},
	Pages = {562-580},
	Title = {{Regret Minimization Under Partial Monitoring}},
	Volume = {31},
	Year = {2006}}

@article{cesa:12,
	Author = {Nicol{\`o} Cesa-Bianchi and Pierre Gaillard and G{\'a}bor Lugosi and Gilles Stoltz},
	Date-Added = {2016-01-29 21:08:24 +0000},
	Date-Modified = {2016-01-29 21:08:24 +0000},
	Journal = {JMLR},
	Title = {A {N}ew {L}ook at {S}hifting {R}egret},
	Year = {2012}}

@article{auer:02,
	Author = {Peter Auer},
	Date-Added = {2016-01-29 21:08:11 +0000},
	Date-Modified = {2016-01-29 21:08:11 +0000},
	Journal = {JMLR},
	Pages = {397-422},
	Title = {Using confidence bounds for exploitation-exploration trade-offs},
	Volume = {3},
	Year = {2002}}

@article{auer:02a,
	Author = {Peter Auer and Nicol\'o Cesa-Bianchi and P Fischer},
	Date-Added = {2016-01-29 21:08:11 +0000},
	Date-Modified = {2016-01-29 21:08:11 +0000},
	Journal = {Machine Learning},
	Number = {2-3},
	Pages = {235-256},
	Title = {Finite-time analysis of the multi-armed bandit problem},
	Volume = {47},
	Year = {2002}}

@article{auer:02b,
	Author = {Peter Auer and Nicol\'o Cesa-Bianchi and Yoav Freund and Robert Schapire},
	Date-Added = {2016-01-29 21:08:11 +0000},
	Date-Modified = {2016-01-29 21:08:11 +0000},
	Journal = {SIAM J. Computing},
	Number = {1},
	Pages = {48-77},
	Title = {The non-stochastic multi-armed bandit problem},
	Volume = {32},
	Year = {2002}}

@book{cesa:06,
	Author = {Nicolo Cesa-Bianchi and Gabor Lugosi},
	Date-Added = {2016-01-29 21:07:50 +0000},
	Date-Modified = {2016-01-29 21:07:50 +0000},
	Publisher = {Cambridge University Press, Cambridge UK},
	Title = {Prediction, {L}earning and {G}ames},
	Year = {2006}}

@article{vapnik:09,
	Author = {Vladimir Vapnik and Akshay Vashist},
	Date-Added = {2016-01-29 21:07:07 +0000},
	Date-Modified = {2016-01-29 21:07:07 +0000},
	Journal = {Neural Netw},
	Pages = {544-557},
	Title = {{A new learning paradigm: Learning using privileged information}},
	Volume = {22},
	Year = {2009}}

@inproceedings{pechyony:10,
	Author = {Dmitriy Pechyony and Vladimir Vapnik},
	Booktitle = {Adv in Neural Information Processing Systems (NIPS)},
	Date-Added = {2016-01-29 21:07:01 +0000},
	Date-Modified = {2016-01-29 21:07:01 +0000},
	Title = {{On the Theory of Learning with Privileged Information}},
	Year = {2010}}

@article{lapin:14,
	Author = {Lapin, Maksim and Hein, Matthias and Schiele, Bernt},
	Journal = {Neural Networks},
	Pages = {95--108},
	Publisher = {Elsevier},
	Title = {Learning using privileged information: SVM+ and weighted SVM},
	Volume = {53},
	Year = {2014}}
